@BOOK{Homer:2014,
   title = {Physics},
   publisher = {Oxford},
   author = {Homer, J.},
   year = {2014},
   edition = {3rd},
}